@book{langsci-current-book, editor = {Natalia Kuznetsova and Cormac Anderson and Shelece Easterday}, title = {{Rarities in phonetics and phonology}}, subtitle = {{Structural, typological, evolutionary, and social dimensions}},year = {2025}, series = {Topics in Phonological Diversity}, number = {5}, location = {Berlin}, publisher = {Language Science Press}, options = {dataonly=true} } 
